
@article{Adare:2015kwa,
      author         = "Adare, A. and others",
      title          = "{An Upgrade Proposal from the PHENIX Collaboration}",
      howpublished   = "arXiv:1501.06197",
      journal        = "arXiv:1501.06197",
      year           = "2015",
      eprint         = "1501.06197",
      archivePrefix  = "arXiv",
      primaryClass   = "nucl-ex",
      SLACcitation   = "%%CITATION = ARXIV:1501.06197;%%"
}



@ELECTRONIC{fsPHENIXWhitePaper:web,
	author = {PHENIX Collaboration},
	title = {Future Opportunities in p+p and p+A Collisions at RHIC with the Forward sPHENIX Detector},
	year = {2014},
	url = {http://www.phenix.bnl.gov/phenix/WWW/publish/dave/sPHENIX/pp_pA_whitepaper.pdf}
}


@article{Aidala:2017rvg,
      author         = "Aidala, C. A. and others",
      title          = "{Design and Beam Test Results for the sPHENIX
                        Electromagnetic and Hadronic Calorimeter Prototypes}",
      collaboration  = "sPHENIX",
      journal        = "Submitted to: IEEE Trans. Nucl. Sci.",
      year           = "2017",
      eprint         = "1704.01461",
      archivePrefix  = "arXiv",
      primaryClass   = "physics.ins-det",
      reportNumber   = "FERMILAB-PUB-17-091-PPD",
      SLACcitation   = "%%CITATION = ARXIV:1704.01461;%%"
}

